
@article{kim2018,
	title = {Sampling Techniques for Big Data Analysis},
	author = {Kim, Jae Kwang and Wang, Zhonglei},
	year = {2018},
	month = {08},
	date = {2018-08-31},
	journal = {International Statistical Review},
	pages = {S177--S191},
	volume = {87},
	number = {S1},
	doi = {10.1111/insr.12290},
	url = {http://dx.doi.org/10.1111/insr.12290},
	langid = {en}
}

@article{yang2020,
	title = {Doubly Robust Inference when Combining Probability and Non-Probability Samples with High Dimensional Data},
	author = {Yang, Shu and Kim, Jae Kwang and Song, Rui},
	year = {2020},
	month = {01},
	date = {2020-01-07},
	journal = {Journal of the Royal Statistical Society Series B: Statistical Methodology},
	pages = {445--465},
	volume = {82},
	number = {2},
	doi = {10.1111/rssb.12354},
	url = {http://dx.doi.org/10.1111/rssb.12354},
	langid = {en}
}
